@comment{
  Entries currently used in book.
  Special characters *MUST* use LaTeX escapes, because BibTeX doesn't handle UTF-8 properly.
}

@book{Chen2017,
  author = {Daniel Chen},
  title = {Pandas for Everyone},
  publisher = {Addison-Wesley Professional},
  year = {2017},
  isbn = {978-0134546933},
  note = {A good introduction to Python's standard data analysis library.}
}

@book{Wick2019,
  author = {Hadley Wickham},
  title = {Advanced R},
  publisher = {Chapman and Hall/CRC},
  year = {2019},
  edition = {2nd},
  isbn = {978-0815384571},
  link = {https://adv-r.hadley.nz/},
  note = {A deep dive into the details of R.}
}

@book{Wilk2005,
  author = {Leland Wilkinson},
  title = {The Grammar of Graphics},
  publisher = {Springer},
  year = {2005},
  isbn = {978-0387245447},
  link = {https://www.springer.com/gp/book/9780387245447},
  note = {Presents a systematic foundation for constructing informational graphics.}
}

@book{Wils2019,
  author = {Greg Wilson},
  title = {Teaching Tech Together},
  publisher = {Taylor \& Francis},
  year = {2019},
  isbn = {978-0-367-35328-5},
  link = {http://teachtogether.tech},
  note = {How to create and deliver lessons that work and build a teaching community around them.}
}
