@comment{
  Entries currently used in book.
  Special characters *MUST* use LaTeX escapes, because BibTeX doesn't handle UTF-8 properly.
}

@book{Chen2017,
  author = {Daniel Chen},
  title = {Pandas for Everyone},
  publisher = {Addison-Wesley Professional},
  year = {2017},
  isbn = {978-0134546933},
  note = {A good introduction to Python's standard data analysis library.}
}

@article{McNa2017,
  doi = {10.7287/peerj.preprints.3163v2},
  url = {https://doi.org/10.7287/peerj.preprints.3163v2},
  journal = {{PeerJ} Preprints},
  year = {2017},
  month = {8},
  publisher = {{PeerJ}},
  author = {Amelia McNamara and Nicholas J. Horton},
  title = {Wrangling categorical data in R},
  note = {A good starting point for working with factors.}
}

@misc{Tamb2015,
  doi = {10.5061/DRYAD.Q5J65},
  url = {http://datadryad.org/stash/dataset/doi:10.5061/dryad.q5j65},
  author = {Natascia Tamburello and Isabelle M. C\^{o}t\'{e} and Nicholas K. Dulvy},
  title = {Data from: Energy and the scaling of animal space use},
  publisher = {Dryad},
  year = {2015}
}

@book{Wick2015,
  author = {Hadley Wickham},
  title = {R Packages},
  publisher = {O'Reilly Media},
  year = {2015},
  isbn = {978-1491910597},
  note = {A slightly-out-of-date introduction to creating packages in R.}
}

@book{Wick2017,
  author = {Hadley Wickham and Garrett Grolemund},
  title = {R for Data Science},
  publisher = {O'Reilly Media},
  year = {2017},
  isbn = {978-1491910399},
  link = {https://r4ds.had.co.nz/},
  note = {The definitive introduction to the tidyverse.}
}

@book{Wick2019,
  author = {Hadley Wickham},
  title = {Advanced R},
  publisher = {Chapman and Hall/CRC},
  year = {2019},
  edition = {2nd},
  isbn = {978-0815384571},
  link = {https://adv-r.hadley.nz/},
  note = {A deep dive into the details of R.}
}

@book{Wilk2005,
  author = {Leland Wilkinson},
  title = {The Grammar of Graphics},
  publisher = {Springer},
  year = {2005},
  isbn = {978-0387245447},
  link = {https://www.springer.com/gp/book/9780387245447},
  note = {Presents a systematic foundation for constructing informational graphics.}
}

@book{Wils2019,
  author = {Greg Wilson},
  title = {Teaching Tech Together},
  publisher = {Taylor \& Francis},
  year = {2019},
  isbn = {978-0-367-35328-5},
  link = {http://teachtogether.tech},
  note = {How to create and deliver lessons that work and build a teaching community around them.}
}
